
@book{jack,
  title={Hydraulic Gates and Valves: In Free Surface Flow and Submerged Outlets},
  author={Jack Lewin},
  publisher={Thomas Telford},
  year={1995}
}

@inproceedings{pinc,
  title={Design of movable weirs and storm surge barriers},
  author={InCom Working Group},
  booktitle={InCom report of WG 26},
  year={2006}
} 

@misc{hatch,
 title = {Innovative log lifter improves safety and efficiency at the Ivanhoe Dam},
 author={Hatch},
 howpublished={Hatch news website. http://hatch.ca/news{\_}publications/Energy{\_}Innovations. {A}ccessed on {J}anuary 4$^{th}$, 2015},
 year={2009},
} 

@misc{atlas,
 title = {Stop Log Lifter Systems},
 author={Atlas Polar},
 howpublished={Atlas Polar website. http://www.atlaspolar.com/trash-rake/stop-log-lifter-systems.html. {A}ccessed on {J}anuary 4$^{th}$, 2015},
 year={2015},
} 


